@article{luanmembangun,
  title={MEMBANGUN FIREWALL PADA SISTEM OPERASI FREEBSD 5.4 DENGAN MENGGUNAKAN APLIKASI IPFIREWALL (IPFW)},
  author={LUAN, SAMUEL BEREK}
}  
@article{nugroho2015analisis,
  title={ANALISIS PERBEDAAN PERFORMANSI SISTEM OPERASI SERVER FREEBSD 8.2 DAN FEDORA 15 PADA DATABASE MYSQL 5.5},
  author={Nugroho, Ari and Widada, Bebas and Laksito, Wawan},
  journal={Jurnal Teknologi Informasi dan Komunikasi (TIKomSiN)},
  volume={3},
  number={1},
  year={2015}
}
@article{linuxwindows,
  title={Windows},
  author={Linux, VTeX},
  journal={OS2 www. micropress-inc. com}
}
@phdthesis{tucker2012bit,
  title={Bit by byte},
  author={Tucker, Heath Ryan},
  year={2012},
  school={uga}
}
@article{menon1999nanotechnology,
  title={Nanotechnology: a data storage perspective},
  author={Menon, Aric Kumaran and Gupta, BK},
  journal={Nanostructured Materials},
  volume={11},
  number={8},
  pages={965--986},
  year={1999},
  publisher={Elsevier}
}
@article{jungwirth2002information,
  title={Information overload: Threat or opportunity?},
  author={Jungwirth, Bernhard and Bruce, Bertram C},
  journal={Journal of Adolescent \& Adult Literacy},
  volume={45},
  number={5},
  pages={400},
  year={2002},
  publisher={Blackwell Publishing Ltd.}
}
@book{komputer2006sgs,
  title={Sgs: Pengenalan Hardware},
  author={Komputer, Wahana},
  year={2006},
  publisher={Elex Media Komputindo}
}
@book{tanenbaum2009modern,
  title={Modern operating system},
  author={Tanenbaum, Andrew S},
  year={2009},
  publisher={Pearson Education, Inc}
}
@article{luanmembangun,
  title={MEMBANGUN FIREWALL PADA SISTEM OPERASI FREEBSD 5.4 DENGAN MENGGUNAKAN APLIKASI IPFIREWALL (IPFW)},
  author={LUAN, SAMUEL BEREK}
}
@book{evans2013arduino,
  title={Arduino in action},
  author={Evans, Martin and Noble, Joshua J and Hochenbaum, Jordan},
  year={2013},
  publisher={Manning New York}
}
@article{gifson2009sistem,
  title={Sistem Pemantau Ruang Jarak jauh dengan Sensor Passive Infrared berbasis Mikrokontroler AT89S52},
  author={Gifson, Albert and Slamet, Slamet},
  journal={TELKOMNIKA (Telecommunication Computing Electronics and Control)},
  volume={7},
  number={3},
  pages={201--106},
  year={2009}
}

