@book{komputer2006sgs,
  title={Sgs: Pengenalan Hardware},
  author={Komputer, Wahana},
  year={2006},
  publisher={Elex Media Komputindo}
}
