@inproceedings{kioumars2011atmega,
  title={ATmega and XBee-based wireless sensing},
  author={Kioumars, Amir Hoshang and Tang, Liqiong},
  booktitle={Automation, Robotics and Applications (ICARA), 2011 5th International Conference on},
  pages={351--356},
  year={2011},
  organization={IEEE}
}
@article{stankovic2008wireless,
  title={Wireless sensor networks},
  author={Stankovic, John A},
  journal={computer},
  volume={41},
  number={10},
  year={2008},
  publisher={IEEE}
}
