@article{isaacson2012real,
  title={The real leadership lessons of Steve Jobs},
  author={Isaacson, Walter},
  journal={Harvard business review},
  volume={90},
  number={4},
  pages={92--102},
  year={2012}
}


@article{linuxwindows,
  title={Windows},
  author={Linux, VTeX},
  journal={OS2 www. micropress-inc. com}
}

@article{ohashi2000antihypertensive,
  title={Antihypertensive substance in the leaves of kumis kucing (Orthosiphon aristatus) in Java Island},
  author={Ohashi, Kazuyoshi and Bohgaki, Takako and Shibuya, Hirotaka},
  journal={Yakugaku zasshi: Journal of the Pharmaceutical Society of Japan},
  volume={120},
  number={5},
  pages={474--482},
  year={2000}
}

@misc{kan1995random,
  title={Random access memory},
  author={Kan, Yasuhiro},
  year={1995},
  month=feb # "~21",
  publisher={Google Patents},
  note={US Patent 5,392,249}
}

@misc{bruce1999unified,
  title={Unified re-map and cache-index table with dual write-counters for wear-leveling of non-volatile flash RAM mass storage},
  author={Bruce, Ricardo H and Bruce, Rolando H and Cohen, Earl T and Christie, Allan J},
  year={1999},
  month=dec # "~7",
  publisher={Google Patents},
  note={US Patent 6,000,006}
}