@misc{dowling2003pcm,
  title={PCM codec and modem for 56K bi-directional transmission},
  author={Dowling, Eric Morgan},
  year={2003},
  month=feb # "~18",
  publisher={Google Patents},
  note={US Patent 6,522,688}
}
@article{gao1998introduction, 
  title={An introduction to the V. 90 (56k) modem}, 
  author={Gao, Frank}, 
  journal={Tech-online Review}, 
  volume={2}, 
  number={6}, 
  year={1998} 
}

@article{latif2011proposed,
  title={Proposed NS-Calculator for Well-known Number Systems},
  author={Latif, Shahid and Malook, Asad and Masoud, Fahad and Sohaib, Muhammad},
  journal={system},
  volume={1},
  pages={2},
  year={2011}
}
@article{grant1997succinct,
  title={A Succinct Naming Convention for Lengthy Hexadecimal Numbers},
  author={Grant, Michael S},
  year= {1997}
}
@article{saivenkateshimplementation,
  title={IMPLEMENTATION OF DIGITAL SIGNATURE IN PHYSICALLY UNCLONABLE FUNCTION TO ENSURE DATA SECURITY IN FORENSICS ANALYSIS},
  author={Saivenkatesh, A and Bose, MB}
}
@inproceedings{saada2015vertical,
  title={Vertical DNA sequences compression algorithm based on hexadecimal representation},
  author={Saada, Bacem and Zhang, Jing},
  booktitle={Proceedings of the World Congress on Engineering and Computer Science},
  volume={2},
  year={2015}
}
@misc{walster2003method,
  title={Method and apparatus for performing a mask-driven interval division operation},
  author={Walster, G William and Chiriaev, Dmitri},
  year={2003},
  month=dec # "~2",
  publisher={Google Patents},
  note={US Patent 6,658,444}
}
@book{clements2006principles,		
  title={Principles of computer hardware},		
  author={Clements, Alan},		
  year={2006},		
  publisher={Oxford University Press}		
}		
		
@book{hennessy2011computer,		
  title={Computer architecture: a quantitative approach},		
  author={Hennessy, John L and Patterson, David A},		
  year={2011},		
  publisher={Elsevier}		
}		
		
@article{faberkonrad,		
  title={Konrad Zuses Bemuehungen um die Patentanmeldung der Z3},		
  author={Faber, Susanne}		
}		
		
@incollection{hellige2004genese,		
  title={Die Genese von Wissenschaftskonzepten der Computerarchitektur: Vom „system of organs “zum Schichtenmodell des Designraums},		
  author={Hellige, Hans Dieter},		
  booktitle={Geschichten der Informatik},		
  pages={411471},		
  year={2004},		
  publisher={Springer}		
}		
		
@article{von1945first,		
  title={First Draft of a Report on the EDVAC},		
  author={von Neumann, John},		
  year={1945}		
}		
		
@misc{markgrafneumann,		
  title={The Von Neumann bottleneck},		
  author={Markgraf, Joey}		
}		
		
@book{copeland2005alan,		
  title={Alan Turing's Automatic Computing Engine: The Master Codebreaker's Struggle to build the Modern Computer: The Master Codebreaker's Struggle to build the Modern Computer},		
  author={Copeland, B Jack},		
  year={2005},		
  publisher={OUP Oxford}		
}		
		
@book{kotonya1998requirements,		
  title={Requirements engineering: processes and techniques},		
  author={Kotonya, Gerald and Sommerville, Ian},		
  year={1998},		
  publisher={Wiley Publishing}		
}		
		
@book{munch2012software,		
  title={Software process definition and management},		
  author={M{\"u}nch, J{\"u}rgen and Armbrust, Ove and Kowalczyk, Martin and Sot{\'o}, Martin},		
  year={2012},		
  publisher={Springer Science \& Business Media}		
}		
		
		
@article{mustofa2015implementasi,		
  title={Implementasi Squid Proxy Untuk Mengontrol Penggunaan Internet Di Magistra Utama Semarang},		
  author={Mustofa, Mokhamad Iklil},		
  journal={eBISNIS},		
  volume={8},		
  number={1},		
  year={2015}		
}		
		
@article{muslim2006pengembangan,		
  title={Pengembangan Distro Ubuntu untuk Aplikasi Game Centre},		
  author={Muslim, Much Aziz},		
  journal={DinamikJurnal Teknologi Informasi},		
  volume={11},		
  number={1},		
  year={2006}		
}		
		
@book{komputer2005mari,		
  title={Mari Mengenal Linux},		
  author={Komputer, Wahana},		
  year={2005},		
  publisher={Penerbit Andi}		
}		
		
@article{kuncoro2008perancangan,		
  title={PERANCANGAN DAN IMPLEMENTASI JARINGAN WLAN PPOINT TO POINT PADA PT AUDIA SENTRA DATA SEBAGAI PENGGANTI JARINGAN FIBER OPTIC},		
  author={Kuncoro, Adam Prayogo},		
  journal={Telematika},		
 volume={1},		
  number={1},		
  year={2008}		
}		

@article{kushner2011making,
  title={The making of arduino},
  author={Kushner, David},
  journal={IEEE Spectrum},
  volume={26},
  year={2011}
}
@article{arduinofall,
  title={A fall detection system based on Arduino, Windows and Azure Made by Jiong Shi},
  author={Arduino, UNO and Genuino, UNO}
}
@incollection{warren2011arduino,
  title={Arduino for robotics},
  author={Warren, John-David and Adams, Josh and Molle, Harald},
  booktitle={Arduino robotics},
  pages={51--82},
  year={2011},
  publisher={Springer}
}
@book{bell2014beginning,
  title={Beginning sensor networks with Arduino and Raspberry Pi},
  author={Bell, Charles},
  year={2014},
  publisher={Apress}
}
@article{kumar2013arduino,
  title={Arduino based wireless intrusion detection using IR sensor and GSM},
  author={Kumar, Prakash and Kumar, Pradeep},
  journal={International Journal of Computer Science and Mobile Computing},
  volume={2},
  number={5},
  pages={417--424},
  year={2013}
}
@article{harikrishnan2015integrated,
  title={An Integrated Xbee Arduino with Group Search Optimizer Approach for Localization in Wireless Sensor Networks},
  author={Harikrishnan, R and Kumar, V Jawahar Senthil},
  journal={Indian Journal of Science and Technology},
  volume={8},
  number={22},
  year={2015}
}
@misc{winkler2007arduino,
  title={Arduino workshop},
  author={Winkler, Fabian},
  year={2007},
  publisher={spring}
}
@article{faustine2014ubiquitous,
  title={Ubiquitous mobile sensing for water quality monitoring and reporting within lake victoria basin},
  author={Faustine, Anthony and Mvuma, Aloys N},
  journal={Wireless Sensor Network},
  volume={6},
  number={12},
  pages={257},
  year={2014},
  publisher={Scientific Research Publishing}
}
@article{susanto2013perancangan,
  title={Perancangan Sistem Telemetri Wireless Untuk Mengukur Suhu dan Kelembaban Berbasis Arduino Uno R3 ATmega328P dan XBee Pro},
  author={Susanto, Heri and Pramana, Rozeff and Mujahidin, Muhammad},
  journal={Skripsi. Fakultas Teknik. Universitas Maritim Raja Ali Haji. Tanjung Pinang},
  year={2013}
}
@article{djuandi2011pengenalan,
  title={Pengenalan Arduino},
  author={Djuandi, Feri},
  journal={Penerbit www. tokobuku. com. Jakarta},
  year={2011}
}
@article{supriyadi2007memilih,
  title={Memilih Topologi Jaringan Dan Hardware Dalam Desain Sebuah Jaringan Komputer},
  author={Supriyadi, Andi and Gartina, Dhani},
  journal={Informatika Pertanian},
  volume={16},
  number={2},
  pages={1037--1053},
  year={2007}
}

