@article{dwi2010pengantar,
  title={Pengantar Komputer dan Perkembangannya},
  author={Dwi Cahyo, Indro},
  year={2010},
  publisher={D3 T. Perkapalan FT-Undip}
}

@article{junior2016evolusi,
  title={Evolusi Komputer, Kinerja Komputer Dan Interconnection Networks Dalam Perkembangan Dunia Teknologi Informatika},
  author={Junior, Henrico},
  journal={Jurnal Sistem Informasi},
  volume={3},
  number={1},
  pages={63--75},
  year={2016}
}