@misc{kan1995random,
  title={Random access memory},
  author={Kan, Yasuhiro},
  year={1995},
  month=feb # "~21",
  publisher={Google Patents},
  note={US Patent 5,392,249}
}

@misc{bruce1999unified,
  title={Unified re-map and cache-index table with dual write-counters for wear-leveling of non-volatile flash RAM mass storage},
  author={Bruce, Ricardo H and Bruce, Rolando H and Cohen, Earl T and Christie, Allan J},
  year={1999},
  month=dec # "~7",
  publisher={Google Patents},
  note={US Patent 6,000,006}
}