@book{simarmata2010rekayasa,
  title={Rekayasa Perangkat Lunak},
  author={Simarmata, Janner},
  year={2010},
  publisher={Penerbit Andi}
}

@article{kuncoro2008perancangan,
  title={PERANCANGAN DAN IMPLEMENTASI JARINGAN WLAN PPOINT TO POINT PADA PT AUDIA SENTRA DATA SEBAGAI PENGGANTI JARINGAN FIBER OPTIC},
  author={Kuncoro, Adam Prayogo},
  journal={Telematika},
  volume={1},
  number={1},
  year={2008}
}

@book{hutahaean2015konsep,
  title={Konsep Sistem Informasi},
  author={Hutahaean, Jeperson},
  year={2015},
  publisher={Deepublish}
}
@book{noersasongko1996mengrnal,
  title={Mengrnal Dunia Kumputer},
  author={Noersasongko, Edi and Andono, Pulung Nurtantio},
  year={1996},
  publisher={Elex Media Komputindo}
}

@article{gulo2016aplikasi,
  title={APLIKASI PEMBELAJARAN KONVERSI BILANGAN MENGGUNAKAN METODE COMPUTER ASSISTED INSTRUCTION (CAI)},
  author={Gulo, Famalua},
  journal={JURIKOM (Jurnal Riset Komputer)},
  volume={3},
  number={6},
  year={2016}
}
@inproceedings{ruan2014ultrasonic,
  title={Ultrasonic sensor based two-wheeled self-balancing robot obstacle avoidance control system},
  author={Ruan, Xiaogang and Li, Wangbo},
  booktitle={Mechatronics and Automation (ICMA), 2014 IEEE International Conference on},
  pages={896--900},
  year={2014},
  organization={IEEE}
}