@inproceedings{olberding2013cuttable,
  title={A cuttable touch sensor},
  author={Olberding, Simon and Gong, Nan-Wei and Tiab, John and Paradiso, Joseph A and Steimle, J{\"u}rgen},
  booktitle={Proceedings of the 26th annual ACM symposium on User interface software and technology},
  pages={245--254},
  year={2013},
  organization={ACM}
}