@article{arduinofall,
  title={A fall detection system based on Arduino, Windows and Azure Made by Jiong Shi},
  author={Arduino, UNO and Genuino, UNO}
}
@incollection{warren2011arduino,
  title={Arduino for robotics},
  author={Warren, John-David and Adams, Josh and Molle, Harald},
  booktitle={Arduino robotics},
  pages={51--82},
  year={2011},
  publisher={Springer}
}
@book{bell2014beginning,
  title={Beginning sensor networks with Arduino and Raspberry Pi},
  author={Bell, Charles},
  year={2014},
  publisher={Apress}
}
@article{kumar2013arduino,
  title={Arduino based wireless intrusion detection using IR sensor and GSM},
  author={Kumar, Prakash and Kumar, Pradeep},
  journal={International Journal of Computer Science and Mobile Computing},
  volume={2},
  number={5},
  pages={417--424},
  year={2013}
}
@article{harikrishnan2015integrated,
  title={An Integrated Xbee Arduino with Group Search Optimizer Approach for Localization in Wireless Sensor Networks},
  author={Harikrishnan, R and Kumar, V Jawahar Senthil},
  journal={Indian Journal of Science and Technology},
  volume={8},
  number={22},
  year={2015}
}
@misc{winkler2007arduino,
  title={Arduino workshop},
  author={Winkler, Fabian},
  year={2007},
  publisher={spring}
}
@article{faustine2014ubiquitous,
  title={Ubiquitous mobile sensing for water quality monitoring and reporting within lake victoria basin},
  author={Faustine, Anthony and Mvuma, Aloys N},
  journal={Wireless Sensor Network},
  volume={6},
  number={12},
  pages={257},
  year={2014},
  publisher={Scientific Research Publishing}
}
@article{susanto2013perancangan,
  title={Perancangan Sistem Telemetri Wireless Untuk Mengukur Suhu dan Kelembaban Berbasis Arduino Uno R3 ATmega328P dan XBee Pro},
  author={Susanto, Heri and Pramana, Rozeff and Mujahidin, Muhammad},
  journal={Skripsi. Fakultas Teknik. Universitas Maritim Raja Ali Haji. Tanjung Pinang},
  year={2013}
}
@article{djuandi2011pengenalan,
  title={Pengenalan Arduino},
  author={Djuandi, Feri},
  journal={Penerbit www. tokobuku. com. Jakarta},
  year={2011}
}
@article{supriyadi2007memilih,
  title={Memilih Topologi Jaringan Dan Hardware Dalam Desain Sebuah Jaringan Komputer},
  author={Supriyadi, Andi and Gartina, Dhani},
  journal={Informatika Pertanian},
  volume={16},
  number={2},
  pages={1037--1053},
  year={2007}
}
