@misc{tatsumi1996high,
  title={High speed divider for performing hexadecimal division having control circuit for generating different division cycle signals to control circuit in performing specific functions},
  author={Tatsumi, Takashi},
  year={1996},
  month=jan # "~2",
  publisher={Google Patents},
  note={US Patent 5,481,745}
}
@phdthesis{wiyanto2008analisis,
  title={ANALISIS CARA BERPIKIR SISWA KELAS V SEKOLAH DASAR NEGERI POTRONAYAN I DALAM MENYELESAIKAN SOAL-SOAL OPERASI PEMBAGIAN},
  author={Wiyanto, Yuli Tri},
  year={2008},
  school={Universitas Muhammadiyah Surakarta}
}
@article{roy2015simplification,
  title={Simplification of Switching Functions Using Hex-Minterms},
  author={Roy, Sahadev and Bhunia, Chandan Tilak},
  journal={International Journal of Applied Engineering Research},
  volume={10},
  number={24},
  pages={45619--45624},
  year={2015}
}
@book{bird2003engineering,
  title={Engineering mathematics},
  author={Bird, John},
  year={2003},
  publisher={Routledge}
}
@article{latif2011proposed,
  title={Proposed NS-Calculator for Well-known Number Systems},
  author={Latif, Shahid and Malook, Asad and Masoud, Fahad and Sohaib, Muhammad},
  journal={system},
  volume={1},
  pages={2},
  year={2011}
}
@article{grant1997succinct,
  title={A Succinct Naming Convention for Lengthy Hexadecimal Numbers},
  author={Grant, Michael S},
  year={1997}
}
@article{saivenkateshimplementation,
  title={IMPLEMENTATION OF DIGITAL SIGNATURE IN PHYSICALLY UNCLONABLE FUNCTION TO ENSURE DATA SECURITY IN FORENSICS ANALYSIS},
  author={Saivenkatesh, A and Bose, MB}
}
@inproceedings{saada2015vertical,
  title={Vertical DNA sequences compression algorithm based on hexadecimal representation},
  author={Saada, Bacem and Zhang, Jing},
  booktitle={Proceedings of the World Congress on Engineering and Computer Science},
  volume={2},
  year={2015}
}
@misc{walster2003method,
  title={Method and apparatus for performing a mask-driven interval division operation},
  author={Walster, G William and Chiriaev, Dmitri},
  year={2003},
  month=dec # "~2",
  publisher={Google Patents},
  note={US Patent 6,658,444}
}
